@inproceedings{Wis2020,
  title={Performance Comparison of Native Android Application on MVP and MVVM},
  author={Bambang Wisnuadhi and Ghifari Munawar and Ujang Wahyu},
  year={2020},
  booktitle={Proceedings of the International Seminar of Science and Applied Technology (ISSAT 2020)},
  pages={276-282},
  issn={2352-5401},
  isbn={978-94-6239-307-3},
  url={https://doi.org/10.2991/aer.k.201221.047},
  doi={10.2991/aer.k.201221.047},
  publisher={Atlantis Press}
}

@article{Fir2024,
  title={Analisis Perbandingan Implementasi Clean Architecture Menggunakan MVP, MVI, Dan MVVM Pada Pengembangan Aplikasi Android Native},
  author={Firmansyah Firdaus Anhar and Made Hanindia Prami Swari and Firza Prima Aditiawan},
  journal={Jupiter (Publikasi Ilmu Keteknikan Industri, Teknik Elektro dan Informatika)},
  volume={2},
  number={2},
  year={2024},
  pages={181-191},
  publisher={ARITEKIN}
}

@inproceedings{Akh2021,
	author = {Akhtar, Nayab and Ghafoor, Sana},
	year = {2021},
	month = {June},
	title = {Analysis of Architectural Patterns for Android Development},
    journal = {ResearchGate}
}

@article{Car2022,
  author = {SAMPAYO-RODRÍGUEZ and Carmen Jeannette and GONZÁLEZ-AMBRIZ and Rosalba and GONZÁLEZ-MARTÍNEZ and Blanca Areli and ALDANA-HERRERA and Jonathan},
  title = {Processor and memory performance with design patterns in a native Android application},
  journal = {Journal of Applied Computing},
  volume = {6},
  number = {18},
  pages = {53-61},
  year = {2022},
  doi = {10.35429/JCA.2022.18.6.53.61}
}

@Article{Kom2022,
AUTHOR = {Komolov, Sirojiddin and Dlamini, Gcinizwe and Megha, Swati and Mazzara, Manuel},
TITLE = {Towards Predicting Architectural Design Patterns: A Machine Learning Approach},
JOURNAL = {Computers},
VOLUME = {11},
YEAR = {2022},
NUMBER = {10},
ARTICLE-NUMBER = {151},
URL = {https://www.mdpi.com/2073-431X/11/10/151},
ISSN = {2073-431X},
DOI = {10.3390/computers11100151}
}
