@inproceedings{Wis2020,
  title={Performance Comparison of Native Android Application on MVP and MVVM},
  author={Bambang Wisnuadhi and Ghifari Munawar and Ujang Wahyu},
  year={2020},
  booktitle={Proceedings of the International Seminar of Science and Applied Technology (ISSAT 2020)},
  pages={276-282},
  issn={2352-5401},
  isbn={978-94-6239-307-3},
  url={https://doi.org/10.2991/aer.k.201221.047},
  doi={10.2991/aer.k.201221.047},
  publisher={Atlantis Press}
}

@article{Fir2024,
  title={Analisis Perbandingan Implementasi Clean Architecture Menggunakan MVP, MVI, Dan MVVM Pada Pengembangan Aplikasi Android Native},
  author={Firmansyah Firdaus Anhar and Made Hanindia Prami Swari and Firza Prima Aditiawan},
  journal={Jupiter (Publikasi Ilmu Keteknikan Industri, Teknik Elektro dan Informatika)},
  volume={2},
  number={2},
  year={2024},
  pages={181-191},
  publisher={ARITEKIN}
}

@inproceedings{Akh2021,
	author = {Akhtar, Nayab and Ghafoor, Sana},
	year = {2021},
	month = {June},
	title = {Analysis of Architectural Patterns for Android Development},
    journal = {ResearchGate}
}

@article{Car2022,
  author = {SAMPAYO-RODRÍGUEZ and Carmen Jeannette and GONZÁLEZ-AMBRIZ and Rosalba and GONZÁLEZ-MARTÍNEZ and Blanca Areli and ALDANA-HERRERA and Jonathan},
  title = {Processor and memory performance with design patterns in a native Android application},
  journal = {Journal of Applied Computing},
  volume = {6},
  number = {18},
  pages = {53-61},
  year = {2022},
  doi = {10.35429/JCA.2022.18.6.53.61}
}

@Article{Kom2022,
AUTHOR = {Komolov, Sirojiddin and Dlamini, Gcinizwe and Megha, Swati and Mazzara, Manuel},
TITLE = {Towards Predicting Architectural Design Patterns: A Machine Learning Approach},
JOURNAL = {Computers},
VOLUME = {11},
YEAR = {2022},
NUMBER = {10},
ARTICLE-NUMBER = {151},
URL = {https://www.mdpi.com/2073-431X/11/10/151},
ISSN = {2073-431X},
DOI = {10.3390/computers11100151}
}

@article{Dan2020,
title = {Research on MVP Design Pattern Modeling Based on MDA},
journal = {Procedia Computer Science},
volume = {166},
pages = {51-56},
year = {2020},
note = {Proceedings of the 3rd International Conference on Mechatronics and Intelligent Robotics (ICMIR-2019)},
issn = {1877-0509},
doi = {https://doi.org/10.1016/j.procs.2020.02.012},
url = {https://www.sciencedirect.com/science/article/pii/S1877050920301344},
author = {Dan Dan Li and Xiao Yan Liu},
keywords = {IFML, MVP design pattern, MDA, user interface development, PIM, modeling, UML}
}

@misc{michael2023, 
title={Model-view-viewmodel - .NET}, 
url={https://learn.microsoft.com/id-id/dotnet/architecture/maui/mvvm}, 
journal={Model-View-ViewModel - .NET | Microsoft Learn}, 
publisher={Microsoft}, 
author={michaelstonis}, 
year={2023}, 
month={Jun}
} 

@misc{Martin2024, 
title={MVC vs MVVM – Perbedaan Antara Keduanya}, 
url={https://www.guru99.com/id/mvc-vs-mvvm.html}, 
journal={Guru99}, 
publisher={Guru99}, 
author={Martin, Matius}, 
year={2024}, 
month={Feb}
} 

@article{Maulana2022, 
title={Aplikasi Manajemen Laboratorium Menggunakan metode MVVM Berbasis Android}, 
volume={3}, 
DOI={10.30630/jitsi.3.3.94}, 
number={3}, 
journal={JITSI : Jurnal Ilmiah Teknologi Sistem Informasi}, 
author={Maulana, Fikri and Afyenni, Rita and Erianda, Aldo}, 
year={2022}, 
month={Sep}, 
pages={88–93}} 

@article{brp2020,
    author = {Bahrur Rizki Putra Surya and Agi Putra Kharisma and Novanto Yudistira},
    title = {Perbandingan Kinerja Pola Perancangan MVC, MVP, dan MVVM Pada Aplikasi Berbasis Android
    (Studi kasus : Aplikasi Laporan Hasil Belajar Siswa SMA BSS)},
    journal = {Jurnal Pengembangan Teknologi Informasi dan Ilmu Komputer},
    year = {2020},
    month = {Nov},
    volume = {4},
    number = {11},
    page = {4089-4095},
    issn = {548-964X},
    url = {https://j-ptiik.ub.ac.id/index.php/j-ptiik/article/download/8237/3831/57850}
}

@article{mfd2023,
    author = {Muhammad Fauzi Dwikurnia and Monterico Adrian and Shinta Yulia Puspitasari},
    title = {Optimasi Kinerja Aplikasi Mobile Berbasis Flutter Menggunakan Pola Arsitektur MVP (Model-View-Presenter) dan State Management GetX},
    journal = {Jurnal Tugas AKhir Fakultas Informatika},
    year = {2023},
    month = {Aug},
    url = {https://openlibrary.telkomuniversity.ac.id/pustaka/files/200288/jurnal_eproc/optimasi-kinerja-aplikasi-mobile-berbasis-flutter-menggunakan-pola-arsitektur-mvp-model-view-presenter-dan-state-management-getx-artikel-jurnal.pdf}
}

@article{fz2019,
    author = {FAUZI SHOLICHIN and MOHD ADHAM BIN ISA and SHAHLIZA ABD HALIM and MUHAMMAD FIRDAUS BIN HARUN},
    title = {REVIEW OF IOS ARCHITECTURAL PATTERN FOR     TESTABILITY, MODIFIABILITY, AND PERFORMANCE QUALITY},
    journal = {Journal of Theoretical and Applied Information Technolgy},
    year = {2019},
    month = {Aug},
    issn = {1992-8645}
}

@article{ri2023, 
	title={PENERAPAN POLA ARSITEKTUR MVVM PADA PERANCANGAN APLIKASI PENGADUAN MASYARAKAT BERBASIS ANDROID}, 
	volume={9}, 
	url={https://ejournal.unma.ac.id/index.php/infotech/article/view/5246}, 
	DOI={10.31949/infotech.v9i1.5246}, 
	number={1}, 
	journal={INFOTECH journal}, 
	author={Riyadhi, Irya Muhammad and Intan Purnamasari and Kamal Prihandani}, 
	year={2023}, 
	month={May}, 
	pages={147–158} 
}